@techreport{WHAT2016,
    author = {Gosselin, J S and Rivard, C and Martel, R},
    address = {Quebec city, Quebec, Canada},
    type = {{Software} {User} {Manual}},
    institution = {Institut National de la Recherche Scientifique, Centre Eau Terre Environnement},
    title = {User Manual for {WHAT} ({Well} {Hydrograph} {Analysis} {Toolbox})},
	url = {https://github.com/jnsebgosselin/WHAT},
	language = {English},
	urldate = {2016-03-18},	
	year = {2016}
}

@techreport{ladeveze2016,
	address = {Québec, Quebec, Canada},
	title = {Travaux de caractérisation hydrogéologique dans la plateforme sédimentaire du {Saint-Laurent}, région de {Saint-Édouard-de-Lotbinière}, {Québec}},
	url = {http://geoscan.rncan.gc.ca/},
	language = {French},
	number = {Dossier public XXX},
	institution = {Comission géologique du Canada},
	author = {Ladevèze, P and Rivard, C and Lefebvre, R and Lavoie, D and Parent, M and Malet, X and Bordeleau G and Gosselin, J -S},
	year = {2016},
}